<?xml version="1.0" encoding="UTF-8"?><collection xmlns="http://www.loc.gov/MARC21/slim"><record><leader>00545nam--2200133-i-4500</leader><controlfield tag="001">000032270</controlfield><controlfield tag="002">20161230</controlfield><controlfield tag="005">20161230201039</controlfield><controlfield tag="008">060222s1000------------r-----000-0-eng-d</controlfield><datafield ind1=" " ind2=" " tag="100"><subfield code="a">Mimault, Jean</subfield></datafield><datafield ind1=" " ind2=" " tag="245"><subfield code="a">Etude par susceptibilite magnetique, diffusion centrale des rayons x et resistivite electrique des differents demaines de precipitation des alliages al-cu</subfield></datafield><datafield ind1=" " ind2=" " tag="260"><subfield code="a">Essais De Correlation Entre Des Resultats Des Rayons X Et De Resistivite Electrique. These</subfield></datafield><datafield ind1=" " ind2=" " tag="490"><subfield code="a">Poitiers, Univ., 1977, P.Dif</subfield></datafield><datafield ind1=" " ind2=" " tag="852"><subfield code="a">620.179.14:620.179.15(043)</subfield></datafield></record></collection>